@manual{responsive,
  title = {The Responsive package},
  author = {Hoftich, Michal},
  url = {https://github.com/michal-h21/responsive-latex},
  urldate = {2023-03-30}, 
  date = {2023-03-28},
}

@manual{rmodepdf,
  title = {Rmodepdf},
  author = {Hoftich, Michal},
  url = {https://github.com/michal-h21/rmodepdf},
  urldate = {2023-03-30}, 
  date = {2023-03-28},
}
@manual{rdrview,
  title = {Rdrview},
  author = {Ernesto Fernández},
  url = {https://github.com/eafer/rdrview},
  urldate = {2023-03-30}, 
  date = {2023-03-28},
}
@manual{luavlna,
  title = {The Luavlna package},
  subtitle = {Prevent line breaks after single letter words, units, or academic titles},
  author = {Hoftich, Michal},
  url = {https://ctan.org/pkg/luavlna},
  urldate = {2023-03-30}, 
  date = {2023-03-28},
  version = {0.1k},
}

@manual{linebreaker,
  title = {The Linebreaker package},
  subtitle = {Prevent overflow boxes with LuaLaTeX},
  author = {Hoftich, Michal},
  url = {https://ctan.org/pkg/linebreaker},
  urldate = {2023-03-30}, 
  date = {2023-03-21},
  version = {0.1c},
}

@manual{lua-widow-control,
  title = {The Lua-widow-control package},
  subtitle = {Automatically remove widows and orphans from any document},
  author = {Chernoff, Max},
  url = {https://ctan.org/pkg/lua-widow-control},
  urldate = {2023-03-30}, 
  date = {2022-11-22},
  version = {3.0.0},
}

@article{chernoff,
  doi = {10.5300/2022-1-4/49},
  author = {Chernoff, Max},
  title = {Automatically Removing Widows and Orphans with lua-widow-control},
  journal = {Zpravodaj Československého sdružení uživatelů TeXu},
  volume = {32},
  number = {1},
  pages = {49-76},
  issn = {1211-6661},
  year = {2022},
  url = {https://dml.cz/handle/10338.dmlcz/151108}
}

@manual{luaxml,
  title = {The Luaxml package},
  subtitle = {Lua library for reading and serialising XML files},
  author = {Hoftich, Michal},
  url = {https://ctan.org/pkg/luaxml},
  urldate = {2023-03-30}, 
  date = {2021-10-06},
  version = {0.1q},
}

@online{mortensen,
  title = {The Typographic Scale},
  author = {Spencer Mortensen},
  year = {2011},
  url = {https://spencermortensen.com/articles/typographic-scale/},
  urldate = {2023-03-30}, 
}

@article{cavazza,
  title = {Modern CSS Techniques To Improve Legibility},
  author = {Edoardo Cavazza},
  journal = {Smashing Magazine},
  date = {2020-07-22},
  url = {https://www.smashingmagazine.com/2020/07/css-techniques-legibility/},
  urldate = {2023-03-30}, 
}
